@inproceedings{2018CLOUDSPiA,
  title={CLOUDS-Pi : A Low-Cost Raspberry-Pi based Testbed for Software-Defined-Networking in Cloud Data Centers},
  author={N. T. Adel and S. Jungmin and B. Rajkumar},
  year={2018}
}

@INPROCEEDINGS{PiConsumo,
author={F. P. Tso and D. R. White and S. Jouet and J. Singer and D. P. Pezaros},
booktitle={2013 IEEE 33rd International Conference on Distributed Computing Systems Workshops},
title={The Glasgow Raspberry Pi Cloud: A Scale Model for Cloud Computing Infrastructures},
year={2013},
volume={},
number={},
pages={108-112},
keywords={cloud computing;computer centres;Glasgow raspberry pi cloud;cloud computing infrastructures;data centers;cloud services;networked machines;capital outlay;software simulation;single-board computer;miniature cloud DC;PiCloud;Raspberry Pi devices;cloud stack;resource virtualisation;network behaviour;cloud computing research;educational environment;Computational modeling;Cloud computing;Servers;Containers;Computer architecture;Linux;Raspberry Pi Cloud;Data Centre;ARM-based Data Centre;Cloud Emulator},
doi={10.1109/ICDCSW.2013.25},
ISSN={1545-0678},
month={July},
}

 @INPROCEEDINGS{Joao,
 AUTHOR =       {J. Oliveira and V. Ataides},
 TITLE =        {Analize de desempenho de um no computacional de baixo consumo utilizando benchmark YCSB},
 BOOKTITLE =    {XVII Escola Regional de Alto Desempenho},
 YEAR =         {2017},
 pages =        {207-210},
 address =      {Ijui/RS, Brasil},
 }

  @INPROCEEDINGS{eu,
 AUTHOR =       {G. Souza, J. Oliveira and M. Pilla},
 TITLE =        {Comparação de Desempenho do Workload YCSB em Raspberry PI~B+ e~3},
 BOOKTITLE =    {XVIII Escola Regional de Alto Desempenho},
 YEAR =         {2018},
 pages =        {117-120},
 address =      {Porto Alegre/RS, Brasil},
 }

@misc{fundation2015raspberry,
  title={Raspberry Pi Documentation},
  author={Fundation, Raspberry Pi},
  year={2015}
}

@article{pi2013raspberry,
  title={Raspberry pi},
  author={Pi, Raspberry},
  journal={Raspberry Pi},
  volume={1},
  pages={1},
  year={2013}
}

@misc{Git,
title={YCSB Github},
author={{YCSB (2016)}},
howpublished={Disponível em:{\url{https://github.com/brianfrankcooper/ycsb}}},
note = {Acessado: 2017-11-22}
}

@misc{sitesFree,
title={Free CSS},
author={{Free CSS Templates, CSS Layouts e More!}},
howpublished={Disponível em:{\url{https://www.free-css.com/free-css-templates?start=36}}},
note = {Acessado: 2018-05-22}
}

 @misc{RAPL,
  title={Intel Running Average Power Limit Technology},
  author={S. Labasan, J. Shafer, R. Goldstone and B. Rountree},
  year={2013}
}

@misc{RAPLGit,
title={Running Average Power Limit - Power Measurements },
author={{Tfett}},
howpublished={Disponível em:{\url{https://github.com/tfett/RAPL}}},
note = {Acessado: 2018-06-22}
}

@misc{DellXPS,
title={Desktop XPS},
author={{Dell}},
howpublished={Disponível em:{\url{https://www.dell.com/pt-br/shop/desktops-da-dell/sf/xps-desktops}}},
note = {Acessado: 2018-06-22}
}

@misc{nginx,
title={Nginx},
author={{nginx}},
howpublished={Disponível em:{\url{https://www.nginx.com/}}},
note = {Acessado: 2018-05-10}
}

@misc{w3techs,
title={W3Techs Web Technology Surveys},
author={{W3Techs}},
howpublished={Disponível em:{\url{https://w3techs.com/}}},
note = {Acessado: 2018-05-5}
}

@ARTICLE{ddOS,
 AUTHOR =       {L. E. Solha, R. Texeira},
 TITLE =        {Tudo que você precisa saber sobre os ataques DDoS},
 JOURNAL =      {International Journal of Cloud Computing and Services Science},
 YEAR =         {200},
 volume =       {4},
 number =       {2},
 pages =        {1-11},
 }

 @misc{ddOS2,
  title={Network Security and DoS Attacks},
  author={S. Farraposo, L. Gallon and P. Owezarski},
  year={2005}
}

@ARTICLE{Miyuru, 
author={M. Dayarathna and Y. Wen and R. Fan}, 
journal={IEEE Communications Surveys Tutorials}, 
title={Data Center Energy Consumption Modeling: A Survey}, 
year={2016}, 
volume={18}, 
number={1}, 
pages={732-794}, 
keywords={Internet;computer centres;energy consumption;operating systems (computers);power aware computing;telecommunication power management;virtual machines;data center energy consumption modeling;data center power modeling;digital circuit level;energy-efficient operations;energy-hungry infrastructures;hardware component level;hardware-centric power models;hierarchical structure;large-scale Internet-based services;operating systems;server level;software-centric power models;virtual machines;Computational modeling;Data models;Energy consumption;Mathematical model;Power demand;Predictive models;Servers;Cloud Computing;Data Center;Data center;Energy Consumption Modeling;Energy Efficiency;cloud computing;energy consumption modeling;energy efficiency}, 
doi={10.1109/COMST.2015.2481183}, 
ISSN={1553-877X}, 
month={Firstquarter},}

@article{VanHeddeghem:2014:TWI:2657027.2657141,
 author = {Van Heddeghem, Ward and Lambert, Sofie and Lannoo, Bart and Colle, Didier and Pickavet, Mario and Demeester, Piet},
 title = {Trends in Worldwide ICT Electricity Consumption from 2007 to 2012},
 journal = {Comput. Commun.},
 issue_date = {September, 2014},
 volume = {50},
 month = sep,
 year = {2014},
 issn = {0140-3664},
 pages = {64--76},
 numpages = {13},
 url = {http://dx.doi.org/10.1016/j.comcom.2014.02.008},
 doi = {10.1016/j.comcom.2014.02.008},
 acmid = {2657141},
 publisher = {Elsevier Science Publishers B. V.},
 address = {Amsterdam, The Netherlands, The Netherlands},
 keywords = {Electricity consumption, Energy-efficiency, Footprint, Green ICT, Power consumption},
} 
